@inproceedings{Kazai,
 author = {Kazai, Gabriella and Milic-Frayling, Natasa and Costello, Jamie},
 title = {Towards methods for the collective gathering and quality control of relevance assessments},
 booktitle = {SIGIR '09: Proceedings of the 32nd international ACM SIGIR conference on Research and development in information retrieval},
 year = {2009},
 isbn = {978-1-60558-483-6},
 pages = {452--459},
 location = {Boston, MA, USA},
 doi = {http://doi.acm.org/10.1145/1571941.1572019},
 publisher = {ACM},
 address = {New York, NY, USA},
 }

@inproceedings{Kittur,
 author = {Kittur, Aniket and Chi, Ed H. and Suh, Bongwon},
 title = {Crowdsourcing user studies with Mechanical Turk},
 booktitle = {CHI '08: Proceeding of the twenty-sixth annual SIGCHI conference on Human factors in computing systems},
 year = {2008},
 isbn = {978-1-60558-011-1},
 pages = {453--456},
 location = {Florence, Italy},
 doi = {http://doi.acm.org/10.1145/1357054.1357127},
 publisher = {ACM},
 address = {New York, NY, USA},
 }

@inproceedings{Liu,
 author = {Liu, Yandong and Bian, Jiang and Agichtein, Eugene},
 title = {Predicting information seeker satisfaction in community question answering},
 booktitle = {SIGIR '08: Proceedings of the 31st annual international ACM SIGIR conference on Research and development in information retrieval},
 year = {2008},
 isbn = {978-1-60558-164-4},
 pages = {483--490},
 location = {Singapore, Singapore},
 doi = {http://doi.acm.org/10.1145/1390334.1390417},
 publisher = {ACM},
 address = {New York, NY, USA},
 }
@inproceedings{Medhi,
 author = {Medhi, Indrani and Prasad, Archana and Toyama, Kentaro},
 title = {Optimal audio-visual representations for illiterate users of computers},
 booktitle = {WWW '07: Proceedings of the 16th international conference on World Wide Web},
 year = {2007},
 isbn = {978-1-59593-654-7},
 pages = {873--882},
 location = {Banff, Alberta, Canada},
 doi = {http://doi.acm.org/10.1145/1242572.1242690},
 publisher = {ACM},
 address = {New York, NY, USA},
 }
@inproceedings{Tanaka-Ishii,
 author = {Tanaka-Ishii, Kumiko and Nakagawa, Hiroshi},
 title = {A multilingual usage consultation tool based on internet searching: more than a search engine, less than QA},
 booktitle = {WWW '05: Proceedings of the 14th international conference on World Wide Web},
 year = {2005},
 isbn = {1-59593-046-9},
 pages = {363--371},
 location = {Chiba, Japan},
 doi = {http://doi.acm.org/10.1145/1060745.1060800},
 publisher = {ACM},
 address = {New York, NY, USA},
 }
@inproceedings{Scholl,
 author = {Scholl, Philipp and Dom\'{\i}nguez Garc\'{\i}a, Renato and B\"{o}hnstedt, Doreen and Rensing, Christoph and Steinmetz, Ralf},
 title = {Towards language-independent web genre detection},
 booktitle = {WWW '09: Proceedings of the 18th international conference on World wide web},
 year = {2009},
 isbn = {978-1-60558-487-4},
 pages = {1157--1158},
 location = {Madrid, Spain},
 doi = {http://doi.acm.org/10.1145/1526709.1526905},
 publisher = {ACM},
 address = {New York, NY, USA},
 }
@inproceedings{Ni,
 author = {Ni, Xiaochuan and Sun, Jian-Tao and Hu, Jian and Chen, Zheng},
 title = {Mining multilingual topics from wikipedia},
 booktitle = {WWW '09: Proceedings of the 18th international conference on World wide web},
 year = {2009},
 isbn = {978-1-60558-487-4},
 pages = {1155--1156},
 location = {Madrid, Spain},
 doi = {http://doi.acm.org/10.1145/1526709.1526904},
 publisher = {ACM},
 address = {New York, NY, USA},
 }
@inproceedings{Li,
 author = {Li, Zhiwei and Shi, Shuming and Zhang, Lei},
 title = {Improving relevance judgment of web search results with image excerpts},
 booktitle = {WWW '08: Proceeding of the 17th international conference on World Wide Web},
 year = {2008},
 isbn = {978-1-60558-085-2},
 pages = {21--30},
 location = {Beijing, China},
 doi = {http://doi.acm.org/10.1145/1367497.1367501},
 publisher = {ACM},
 address = {New York, NY, USA},
 }
@inproceedings{Narayan,
 author = {Narayan, Michael and Williams, Christopher and Perugini, Saverio and Ramakrishnan, Naren},
 title = {Staging transformations for multimodal web interaction management},
 booktitle = {WWW '04: Proceedings of the 13th international conference on World Wide Web},
 year = {2004},
 isbn = {1-58113-844-X},
 pages = {212--223},
 location = {New York, NY, USA},
 doi = {http://doi.acm.org/10.1145/988672.988702},
 publisher = {ACM},
 address = {New York, NY, USA},
 }
@inproceedings{Dowman,
 author = {Dowman, Mike and Tablan, Valentin and Cunningham, Hamish and Popov, Borislav},
 title = {Web-assisted annotation, semantic indexing and search of television and radio news},
 booktitle = {WWW '05: Proceedings of the 14th international conference on World Wide Web},
 year = {2005},
 isbn = {1-59593-046-9},
 pages = {225--234},
 location = {Chiba, Japan},
 doi = {http://doi.acm.org/10.1145/1060745.1060781},
 publisher = {ACM},
 address = {New York, NY, USA},
 }
@inproceedings{Lempel,
 author = {Lempel, Ronny and Soffer, Aya},
 title = {PicASHOW: pictorial authority search by hyperlinks on the Web},
 booktitle = {WWW '01: Proceedings of the 10th international conference on World Wide Web},
 year = {2001},
 isbn = {1-58113-348-0},
 pages = {438--448},
 location = {Hong Kong, Hong Kong},
 doi = {http://doi.acm.org/10.1145/371920.372098},
 publisher = {ACM},
 address = {New York, NY, USA},
 }
@inproceedings{Jing,
 author = {Jing, Yushi and Baluja, Shumeet},
 title = {Pagerank for product image search},
 booktitle = {WWW '08: Proceeding of the 17th international conference on World Wide Web},
 year = {2008},
 isbn = {978-1-60558-085-2},
 pages = {307--316},
 location = {Beijing, China},
 doi = {http://doi.acm.org/10.1145/1367497.1367540},
 publisher = {ACM},
 address = {New York, NY, USA},
 }
 @inproceedings{Mehta,
 author = {Mehta, Bhaskar and Nangia, Saurabh and Gupta, Manish and Nejdl, Wolfgang},
 title = {Detecting image spam using visual features and near duplicate detection},
 booktitle = {WWW '08: Proceeding of the 17th international conference on World Wide Web},
 year = {2008},
 isbn = {978-1-60558-085-2},
 pages = {497--506},
 location = {Beijing, China},
 doi = {http://doi.acm.org/10.1145/1367497.1367565},
 publisher = {ACM},
 address = {New York, NY, USA},
 }
@inproceedings{Kennedy,
 author = {Kennedy, Lyndon S. and Naaman, Mor},
 title = {Generating diverse and representative image search results for landmarks},
 booktitle = {WWW '08: Proceeding of the 17th international conference on World Wide Web},
 year = {2008},
 isbn = {978-1-60558-085-2},
 pages = {297--306},
 location = {Beijing, China},
 doi = {http://doi.acm.org/10.1145/1367497.1367539},
 publisher = {ACM},
 address = {New York, NY, USA},
 }
@inproceedings{vanLeuken,
 author = {van Leuken, Reinier H. and Garcia, Lluis and Olivares, Ximena and van Zwol, Roelof},
 title = {Visual diversification of image search results},
 booktitle = {WWW '09: Proceedings of the 18th international conference on World wide web},
 year = {2009},
 isbn = {978-1-60558-487-4},
 pages = {341--350},
 location = {Madrid, Spain},
 doi = {http://doi.acm.org/10.1145/1526709.1526756},
 publisher = {ACM},
 address = {New York, NY, USA},
 }
@inproceedings{Crandall,
 author = {Crandall, David J. and Backstrom, Lars and Huttenlocher, Daniel and Kleinberg, Jon},
 title = {Mapping the world's photos},
 booktitle = {WWW '09: Proceedings of the 18th international conference on World wide web},
 year = {2009},
 isbn = {978-1-60558-487-4},
 pages = {761--770},
 location = {Madrid, Spain},
 doi = {http://doi.acm.org/10.1145/1526709.1526812},
 publisher = {ACM},
 address = {New York, NY, USA},
 }
@inproceedings{Arase,
 author = {Arase, Yuki and Xie, Xing and Duan, Manni and Hara, Takahiro and Nishio, Shojiro},
 title = {A game based approach to assign geographical relevance to web images},
 booktitle = {WWW '09: Proceedings of the 18th international conference on World wide web},
 year = {2009},
 isbn = {978-1-60558-487-4},
 pages = {811--820},
 location = {Madrid, Spain},
 doi = {http://doi.acm.org/10.1145/1526709.1526818},
 publisher = {ACM},
 address = {New York, NY, USA},
 }
@inproceedings{Joachims,
 author = {Joachims, Thorsten},
 title = {Optimizing search engines using clickthrough data},
 booktitle = {KDD '02: Proceedings of the eighth ACM SIGKDD international conference on Knowledge discovery and data mining},
 year = {2002},
 isbn = {1-58113-567-X},
 pages = {133--142},
 location = {Edmonton, Alberta, Canada},
 doi = {http://doi.acm.org/10.1145/775047.775067},
 publisher = {ACM},
 address = {New York, NY, USA},
 }
 
 @article{Datta1348248,
 author = {Datta, Ritendra and Joshi, Dhiraj and Li, Jia and Wang, James Z.},
 title = {Image retrieval: Ideas, influences, and trends of the new age},
 journal = {ACM Comput. Surv.},
 volume = {40},
 number = {2},
 year = {2008},
 issn = {0360-0300},
 pages = {1--60},
 doi = {http://doi.acm.org/10.1145/1348246.1348248},
 publisher = {ACM},
 address = {New York, NY, USA},
 }

@article{VanGool1370556,
 author = {Bay, Herbert and Ess, Andreas and Tuytelaars, Tinne and Van Gool, Luc},
 title = {Speeded-Up Robust Features (SURF)},
 journal = {Comput. Vis. Image Underst.},
 volume = {110},
 number = {3},
 year = {2008},
 issn = {1077-3142},
 pages = {346--359},
 doi = {http://dx.doi.org/10.1016/j.cviu.2007.09.014},
 publisher = {Elsevier Science Inc.},
 address = {New York, NY, USA},
 }

@inproceedings{Schmid1478419,
 author = {Jegou, Herve and Douze, Matthijs and Schmid, Cordelia},
 title = {Hamming Embedding and Weak Geometric Consistency for Large Scale Image Search},
 booktitle = {ECCV '08: Proceedings of the 10th European Conference on Computer Vision},
 year = {2008},
 isbn = {978-3-540-88681-5},
 pages = {304--317},
 location = {Marseille, France},
 doi = {http://dx.doi.org/10.1007/978-3-540-88682-2_24},
 publisher = {Springer-Verlag},
 address = {Berlin, Heidelberg},
 }

@article{Ghemaqat1327492,
 author = {Dean, Jeffrey and Ghemawat, Sanjay},
 title = {MapReduce: simplified data processing on large clusters},
 journal = {Commun. ACM},
 volume = {51},
 number = {1},
 year = {2008},
 issn = {0001-0782},
 pages = {107--113},
 doi = {http://doi.acm.org/10.1145/1327452.1327492},
 publisher = {ACM},
 address = {New York, NY, USA},
 }
